@article{boettinger2002phase,
  title={Phase-field simulation of solidification},
  author={Boettinger, William J and Warren, James A and Beckermann, Christoph and Karma, Alain},
  journal={Materials Research},
  volume={32},
  number={1},
  pages={163},
  year={2002}
}
